@book{Hull:2012
,	author = {John C. Hull}
,	title = {Options, Futures, And Other Derivatives}
,	publisher = {Prentice Hall}
,	address = {New Jersey, United States}
,	edition = {Eighth}
,	year = 2012
}

@book{Wilmott:2007
,	author = {Paul Wilmott}
,	title = {Paul Wilmott Introduces Quantitative Finance}
,	publisher = {John Wiley \& Sons, Ltd}
,	address = {Hoboken, New Jersey, United States}
,	edition = {Second}
,	year = 2007
}

@book{Press:1992
,	author = {William H. Press and Saul A. Teukolsky and William T. Vetterling and Brian P. Flannery}
,	title = {Numerical Recipes in C}
,	publisher = {Cambridge University Press}
,	address = {Cambridge, United Kingdom}
,	edition = {Second}
,	year = 1992
}

@book{Piketty:2014
,	author = {Thomas Piketty}
,	title = {Capital}
,	publisher = {Harvard University Press}
,	address = {Cambridge, Massachusetts, United States}
,	edition = {First}
,	year = 2014
}

@misc{YahooFinance:GOOG
,	title = {GOOG - Yahoo Finance}
,	url = {https://uk.finance.yahoo.com/quote/GOOG/history?p=GOOG}
,	year = 2017
,	note = {Accessed: 2017-08-13}
}

@misc{GoogleFinance:GOOG
,	title = {GOOG - Google Finance}
,	url = {www.google.com/finance/historical?q=GOOG}
,	year = 2017
,	note = {Accessed: 2017-08-13}
}

@misc{FinanceQuotes:2017
,	title = {Java Finance Quotes API for Yahoo Finance}
,	url = {http://financequotes-api.com}
,	year = 2017
,	note = {Accessed: 2017-08-13}
,	author = {http://financequotes-api.com}
}

@misc{Nixon:2017
,	title = {Has Yahoo stopped history data API service?}
,	url = {https://forums.yahoo.net/t5/Yahoo-Finance-help/has-yahoo-stopped-history-data-api-service/m-p/251292/highlight/true#M3121}
,	author = {{Username: Nixon}}
,	year = 2017
,	urldate = {2017-05-17}
,	note = {Accessed: 2017-08-13}
}

@misc{Jansen:2014
,	title = {How to apply Levenberg Marquardt to Max Likelihood Estimation}
,	url = {https://quant.stackexchange.com/a/12820}
,	author = {Bob Jansen}
,	year = 2014
,	urldate = {2014-06-28}
,	note = {Accessed: 2017-08-14}
}

@book{Holton:2014
,	author = {Glyn A. Holton}
,	title = {Value-at-Risk: Theory and Practice}
,	publisher = {Published by the author}
,	address = {66 Winslow Rd. Belmont, MA 02478, United States}
,	edition = {Second}
,	year = 2014
,	url = {https://www.value-at-risk.net}
}

@misc{Wiki:QueryString
,	author = {{Query String}}
,	title = {Query String --- {W}ikipedia{,} The Free Encyclopedia}
,	url = {https://en.wikipedia.org/wiki/Query_string}
,	year = 2017
,	urldate = {2017-07-22}
,	note = {Accessed: 2017-08-23}
}

@misc{BalusC:2010a
,	title = {Programatically Downloading CSV Files with Java}
,	url = {https://stackoverflow.com/a/4120954}
,	author = {{Username: BalusC}}
,	year = 2010
,	urldate = {2010-11-08}
,	note = {Accessed: 2017-08-24}
}

@misc{BalusC:2010b
,	title = {Java string to date conversion}
,	url = {https://stackoverflow.com/a/4216767}
,	author = {{Username: BalusC}}
,	year = {2010}
,	urldate = {2010-11-18}
,	note = {Accessed: 2017-08-24}
}

@misc{Oracle:2015
,	title = {Reading Directly from a URL}
,	url = {https://docs.oracle.com/javase/tutorial/networking/urls/readingURL.html}
,	author = {{Reading Directly from a URL}}
,	year = 2015
,	note = {Accessed: 2017-08-24}
}

@misc{gson:2017
,	title = {Github --- google.gson: A Java serialization/deserialization library to convert Java Objects into JSON and back}
,	url = {https://github.com/google/gson}
,	author = {{Google}}
,	year = 2017
,	urldate = {2017-05-31}
,	note = {Accessed: 2017-08-24}
}

@misc{Apache:Math3
,	title = {Apache Commons Math 3.6 API}
,	url = {http://commons.apache.org/proper/commons-math/javadocs/api-3.6/index.html}
,	author = {{Apache}}
,	note = {Accessed: 2017-08-25}
}

@misc{user2654569:2014
,	title = {simplest way to read json from a URL in java}
,	url = {https://stackoverflow.com/a/21964051}
,	author = {{username: user2654569}}
,	year = 2014
,	urldate = {2014-02-23}
,	note = {Accessed: 2017-08-24}
}

@misc{jens108:2013}
,	title = {Calculating days between two dates with in java}
,	url = {https://stackoverflow.com/a/20165708}
,	author = {{username: jens108}}
,	year = 2013
,	urldate = {2013-11-23}
,	note = {Accessed: 2017-08-24}
}

@misc{Tataje:2013
,	title = {Export array values to csv file java}
,	url = {https://stackoverflow.com/a/15364544}
,	author = {Marcelo Tataje}
,	year = 2013
,	urldate = {2013-03-12}
,	note = {Accessed: 2017-08-25}
}

@misc{Pasini:2016
,	title = {How to save a 2D array into a text file with BufferedWriter?}
,	url = {https://stackoverflow.com/a/34959184}
,	author = {Tommaso Pasini}
,	year = 2016
,	urldate = {2016-01-23}
,	note = {Accessed: 2017-08-25}
}

@misc{Baydoğan:2011
,	title = {Hiding System.out.print calls of a class}
,	url = {https://stackoverflow.com/a/8363580}
,	author = {Kerem Baydoğan}
,	year = 2011
,	urldate = {2011-12-02}
,	note = {Accessed: 2017-08-25}
}

@misc{GOOG:Disclaimer
,	title = {}
,	url = {https://www.google.co.uk/googlefinance/disclaimer/}
,	author = {{Google}}
,	note = {Accessed - 2017-08-30}
}

